<record><leader>00000cas a2200000 a 4500</leader><controlfield tag="001">12193387</controlfield><controlfield tag="008">850624d19031904ksuwr ne      0    0eng d</controlfield><datafield ind1=" " ind2=" " tag="010"><subfield code="a">sn 85029376 </subfield></datafield><datafield ind1=" " ind2=" " tag="040"><subfield code="a">KSH</subfield><subfield code="b">eng</subfield><subfield code="c">KSH</subfield><subfield code="d">NPT</subfield><subfield code="d">OCL</subfield><subfield code="d">OCLCQ</subfield></datafield><datafield ind1=" " ind2=" " tag="042"><subfield code="a">msc</subfield></datafield><datafield ind1="0" ind2="4" tag="245"><subfield code="a">The Lyndon record and current remark.</subfield></datafield><datafield ind1=" " ind2=" " tag="260"><subfield code="a">Lyndon, Kan. :</subfield><subfield code="b">Schriver &amp; Lewis,</subfield><subfield code="c">1903-1904.</subfield></datafield><datafield ind1=" " ind2=" " tag="300"><subfield code="a">2 v. :</subfield><subfield code="b">ill. ;</subfield><subfield code="c">54 cm.</subfield></datafield><datafield ind1=" " ind2=" " tag="310"><subfield code="a">Weekly</subfield></datafield><datafield ind1="0" ind2=" " tag="362"><subfield code="a">8th year, no. 16 (Jan. 1, 1903)-10th year, no. 14 (Dec. 15, 1904).</subfield></datafield><datafield ind1=" " ind2=" " tag="500"><subfield code="a">Published by: A.D. Lewis, Apr. 16-Nov. 19, 1903; J.K. Schriver &amp; Co., Nov. 28, 1903-Dec. 15, 1904.</subfield></datafield><datafield ind1=" " ind2=" " tag="500"><subfield code="a">"Republican." Cf. Ayer, 1903.</subfield></datafield><datafield ind1=" " ind2=" " tag="515"><subfield code="a">Issue for Dec. 15, 1904 and Dec. 22, 1904 issue of Lyndon record both numbered 10th year, no. 14.</subfield></datafield><datafield ind1=" " ind2=" " tag="752"><subfield code="a">United States</subfield><subfield code="b">Kansas</subfield><subfield code="c">Osage</subfield><subfield code="d">Lyndon.</subfield></datafield><datafield ind1="0" ind2="0" tag="780"><subfield code="t">Current remark</subfield><subfield code="w">(DLC)sn 85029374</subfield></datafield><datafield ind1="0" ind2="0" tag="785"><subfield code="t">Lyndon record</subfield><subfield code="w">(DLC)sn 85029375</subfield></datafield></record>